@article{Dijkstra:59,
  key={Di59},
  title={A note on two problems in connexion with graphs},
  author={Dijkstra, Edsger W},
  journal={Numerische mathematik},
  volume={1},
  number={1},
  pages={269--271},
  year={1959},
  publisher={Springer}
}

@article{Tarjan:1985,
  key={Ta85},
  title={Amortized computational complexity},
  author={Tarjan, R.E.},
  journal={SIAM Journal on Algebraic and Discrete Methods},
  volume={6},
  number={2},
  pages={306--318},
  year={1985}
}

@article{Tarjan:1987,
  key={FrTa87},
  title={Fibonacci heaps and their uses in improved network optimization algorithms},
  author={Fredman, Michael L and Tarjan, Robert Endre},
  journal={Journal of the ACM (JACM)},
  volume={34},
  number={3},
  pages={596--615},
  year={1987},
  publisher={ACM}
}


@inproceedings{Tarjan:1984,
  key={FrTa84},
  title={Fibonacci heaps and their uses in improved network optimization algorithms},
  author={Fredman, Michael L and Tarjan, Robert Endre},
  booktitle={Proceedings of the 25th Annual Symposium onFoundations of Computer Science, 1984},
  pages={338--346},
  year={1984},
  organization={IEEE Computer Society}
}

@book{TAOCP2,
 key={TAOCP2},
 author = {Knuth, Donald},
 title = {The art of computer programming, vol 2.},
 publisher = {Addison-Wesley Pub. Co},
 year = {1973},
 address = {Reading, Mass},
 isbn = {0201896842}
}

@article{Brelaz:1979,
 key={Br79},
 author = {Br{\'e}laz, Daniel},
 title = {New methods to color the vertices of a graph},
 journal = {Commun. ACM},
 issue_date = {April 1979},
 volume = {22},
 number = {4},
 month = apr,
 year = {1979},
 issn = {0001-0782},
 pages = {251--256},
 numpages = {6},
 url = {http://doi.acm.org/10.1145/359094.359101},
 doi = {10.1145/359094.359101},
 acmid = {359101},
 publisher = {ACM},
 address = {New York, NY, USA},
 keywords = {NP-complete, balancing, comparison of the methods, graph coloring, graph structure, scheduling},
}
@book{Topfer:1995,
  key={To95},
  author={Töpfer, P.},
  title = {Algoritmy a programovací techniky},
  publisher={Prometheus},
  year=1995
}
@book{Wirth:1985,
  key = {Wi85},
  title={Algorithms + {D}ata {S}tructures = {P}rograms},
  author={Wirth, Niklaus},
  volume={76},
  year={1985},
  publisher={Prentice Hall}
}
@article{BFPRT:1973,
  key = {BFPRT73},
  title={Time bounds for selection},
  author={Blum, Manuel and Floyd, Robert W and Pratt, Vaughan and Rivest, Ronald L and Tarjan, Robert E},
  journal={Journal of Computer and System Sciences},
  volume={7},
  number={4},
  pages={448--461},
  year={1973},
  publisher={Elsevier}
}
